<?xml version="1.0" encoding="UTF-8"?><collection xmlns="http://www.loc.gov/MARC21/slim"><record><leader>00439nam--2200145-i-4500</leader><controlfield tag="001">000023057</controlfield><controlfield tag="002">20161230</controlfield><controlfield tag="005">20161230201034</controlfield><controlfield tag="008">060222s1000------------r-----000-0-eng-d</controlfield><datafield ind1=" " ind2=" " tag="080"><subfield code="a">621:531</subfield></datafield><datafield ind1=" " ind2=" " tag="100"><subfield code="a">Huddleston, John V</subfield></datafield><datafield ind1=" " ind2=" " tag="245"><subfield code="a">Introduction to engineering mechanics</subfield></datafield><datafield ind1=" " ind2=" " tag="260"><subfield code="a">Reading, Massachusetts, Addison-wesley Publ.Co., Inc., 1961, Xii + 493 P</subfield></datafield><datafield ind1=" " ind2=" " tag="490"><subfield code="a">Addison-wesley Series In The Engineering Sciences</subfield></datafield><datafield ind1=" " ind2=" " tag="852"><subfield code="a">34972</subfield></datafield></record></collection>